<?xml version="1.0" encoding="UTF-8"?><collection><record><leader>06716ntm a2200649 a 4500</leader><controlfield tag="001">006818227</controlfield><controlfield tag="003">MiAaHDL</controlfield><controlfield tag="005">20190719000000.0</controlfield><controlfield tag="006">m        d        </controlfield><controlfield tag="007">cr bn ---auaua</controlfield><controlfield tag="008">090612q18681899xx            00| ||ota d</controlfield><datafield tag="035" ind1=" " ind2=" "><subfield code="a">(MiU)006818227</subfield></datafield><datafield tag="035" ind1=" " ind2=" "><subfield code="a">sdr-miu006818227</subfield></datafield><datafield tag="040" ind1=" " ind2=" "><subfield code="a">MiU</subfield><subfield code="c">MiU</subfield><subfield code="e">amremm</subfield></datafield><datafield tag="041" ind1="0" ind2=" "><subfield code="a">ota</subfield></datafield><datafield tag="043" ind1=" " ind2=" "><subfield code="a">n-us-mi</subfield><subfield code="a">a-tu---</subfield></datafield><datafield tag="100" ind1="0" ind2=" "><subfield code="6">880-01</subfield><subfield code="a">Durak Paşa Zade.</subfield></datafield><datafield tag="245" ind1="1" ind2="0"><subfield code="6">880-03</subfield><subfield code="a">[Teshil-i Rasad cedid-i Kasînî,</subfield><subfield code="f">late 19th century].</subfield></datafield><datafield tag="246" ind1="3" ind2=" "><subfield code="a">تسهيل قسينى</subfield></datafield><datafield tag="246" ind1="3" ind2=" "><subfield code="a">Teshil-i Kasini</subfield></datafield><datafield tag="246" ind1="3" ind2=" "><subfield code="a">Teshîl-i Rasad Cedîd-i Kasînî</subfield></datafield><datafield tag="246" ind1="3" ind2=" "><subfield code="a">Teshil-i Rasıd cedid-i Kasînî</subfield></datafield><datafield tag="246" ind1="3" ind2=" "><subfield code="a">تسهيل راصد جديد قسينى</subfield></datafield><datafield tag="260" ind1=" " ind2=" "><subfield code="c">[1868-1899].</subfield></datafield><datafield tag="300" ind1=" " ind2=" "><subfield code="a">30 leaves :</subfield><subfield code="b">paper ;</subfield><subfield code="c">245 x 175 (180 x 120) mm.</subfield></datafield><datafield tag="500" ind1=" " ind2=" "><subfield code="a">Shelfmark: Ann Arbor, University of Michigan, Special Collections Library, Isl. Ms. 825</subfield></datafield><datafield tag="500" ind1=" " ind2=" "><subfield code="a">Origin: Lacks dated colophon ; circumstances of composition, paper, etc. suggest late 19th century (see p.88 in Walz, "The paper trade of Egypt and the Sudan in the eighteenth and nineteenth centuries").</subfield></datafield><datafield tag="500" ind1=" " ind2=" "><subfield code="a">Binding: Boards faced in a streaked or veined paper resembling effect of tree marbling (tree calf, marble calf, marbled leather), mainly in dark blue, with printed 'waste' visible beneath and red leather over spine ; Type III binding (without flap) ; board linings in untinted paper ; paper labels on spine ; sewn in white thread, four stations ; overall in quite poor condition with much abrasion, staining, losses of paper and board, lifting of leather, detached at spine, etc.</subfield></datafield><datafield tag="500" ind1=" " ind2=" "><subfield code="a">Support: European laid paper with 8 laid lines per cm. (vertical), chain lines spaced 30 mm. apart (horizontal), and watermarks of crescent (with human profile) in shield (see p.10, 11, etc.) and "Andrea Galvani" (see p.6, etc. and compare nos.1159 and 1161 dated 1871 and 1874 respectively in Nikolaev, Watermarks of the Ottoman Empire, vol.1 as well as p.89 in Walz, "The paper trade of Egypt and the Sudan in the eighteenth and nineteenth centuries"), cream in color, quite thick and well-burnished ; minor pest damage, some moisture damage (tide lines and staining).</subfield></datafield><datafield tag="500" ind1=" " ind2=" "><subfield code="a">Decoration: Keywords, table headings and numerals rubricated ; written area surrounded by red rule-border, table divisions also in red rules.</subfield></datafield><datafield tag="500" ind1=" " ind2=" "><subfield code="a">Script: Naskh approaching ruqʻah ; clear, compact Egyptian [?] hand ; serifless with slight effect of tilt to the left, curvilinear descenders, pointing in distinct dots, some free assimilation of letters.</subfield></datafield><datafield tag="500" ind1=" " ind2=" "><subfield code="a">Layout: Opening matter (pp.2-4) mainly in 28 and 31 lines per page, followed by several pages of sample calculations (pp.4-9), then the tables of varying dimensions.</subfield></datafield><datafield tag="500" ind1=" " ind2=" "><subfield code="a">Collation: 3 V(30) ; exclusively quinions ; catchwords present ; pagination in pencil, Western numerals, supplied during digitization.</subfield></datafield><datafield tag="500" ind1=" " ind2=" "><subfield code="a">Explicit: "محفوظ زحل ... مح مشترى ... مح مريخ ... محفوظ زهره ... محفوظ عطارد ... تم بعناية الله وتوفيقه"</subfield></datafield><datafield tag="500" ind1=" " ind2=" "><subfield code="a">Incipit: "الحمد لله الذي خلق العرش والكرسى والاكوان والصلاة والسلام على النبى المبعوث في اخر الزمان ... اما بعد عرفاى اولى الابصار ذوى الاستبصاره معلوم اوله كه علم حساب علوم جزئيه نك اشرفى اولمغله عند المحاسبين مشهور ومتعارف اولان رصد جديد قسينى نك زبان افرنجيدن لسان تركى يه ترجمه سنه فضيلتلو خليفه زاده اسماعيل افندى موفق الوب لكن بو انه قدر تسهيلنه ... بو قليل البضاعه طوراق باشا زاده مير ابراهيم الاستانبولى جعل الله التقوى زاده نك ..."</subfield></datafield><datafield tag="500" ind1=" " ind2=" "><subfield code="a">Title supplied by cataloguer from opening matter on p.2.</subfield></datafield><datafield tag="500" ind1=" " ind2=" "><subfield code="a">Ms. codex.</subfield></datafield><datafield tag="510" ind1="4" ind2=" "><subfield code="a">Walz, Terence. "The paper trade of Egypt and the Sudan in the eighteenth and nineteenth centuries and its re-export to the Bilad as-Sudan." In The trans-Saharan book trade: manuscript culture, Arabic literacy, and intellectual history in Muslim Africa. Graziano Krätli and Ghislaine Lydon, Eds. (Leiden : Brill, 2011):</subfield><subfield code="c">73-108.</subfield></datafield><datafield tag="510" ind1="4" ind2=" "><subfield code="a">Nikolaev, Vsevolod. Watermarks of the mediaeval Ottoman documents in Bulgarian libraries. In Watermarks of the Ottoman Empire, volume 1. Sofia: Bulgarian Academy of Sciences, 1954.</subfield></datafield><datafield tag="510" ind1="4" ind2=" "><subfield code="a">Princeton, Islamic Manuscripts, New Series no. 969</subfield></datafield><datafield tag="510" ind1="4" ind2=" "><subfield code="a">King, D. A Survey of the scientific manuscripts in the Egyptian National Library (Winona Lake, 1986),</subfield><subfield code="c">no. H41, no. J2</subfield></datafield><datafield tag="520" ind1="8" ind2=" "><subfield code="a">Elegant copy of the set of astronomical tables for the period beginning with the opening of the year 1237 [September 1821] and concluding with Shawwāl 1240 [May-June 1825] (see opening matter on p.2) and covering a large geographical area, executed by Durak Paşazade Mir İbrahim el-İstanbulî from the translation from French to Turkish by Halîfezâde İsmail Çınarî of the tables by César-François Cassini de Thury (d.1784).</subfield></datafield><datafield tag="538" ind1=" " ind2=" "><subfield code="a">Mode of access: Internet.</subfield></datafield><datafield tag="541" ind1=" " ind2=" "><subfield code="a">Purchased in Cairo, 1933/34.</subfield></datafield><datafield tag="546" ind1=" " ind2=" "><subfield code="a">Ottoman Turkish.</subfield></datafield><datafield tag="561" ind1=" " ind2=" "><subfield code="a">Calculations on upper board lining ; former owners' marks on 'title page' (p.1) include ownership statement in name of ʻAlī Abū Bakr al-Khashshāb al-Falakī al-Dimyāṭī ( على ابو بكر الخشاب الفلكى الدمياطى ) and ownership / purchase statement in name of Muḥammad Aḥmad al-Laqānī [al-Laqqānī] ( محمد احمد اللقانى ), as well as possible former inventory mark with "٥٢" ; fairly clean copy.</subfield></datafield><datafield tag="650" ind1=" " ind2="0"><subfield code="a">Manuscripts, Turkish</subfield><subfield code="z">Michigan</subfield><subfield code="z">Ann Arbor.</subfield></datafield><datafield tag="650" ind1=" " ind2="0"><subfield code="a">Astronomy</subfield><subfield code="z">Turkey.</subfield></datafield><datafield tag="650" ind1=" " ind2="0"><subfield code="a">Astronomy</subfield><subfield code="v">Tables.</subfield></datafield><datafield tag="700" ind1="0" ind2=" "><subfield code="6">880-08</subfield><subfield code="a">Muḥammad Aḥmad al-Laqānī,</subfield><subfield code="e">former owner.</subfield></datafield><datafield tag="700" ind1="0" ind2=" "><subfield code="6">880-07</subfield><subfield code="a">ʻAlī Abū Bakr al-Khashshāb al-Falakī al-Dimyāṭī,</subfield><subfield code="e">former owner.</subfield></datafield><datafield tag="700" ind1="1" ind2=" "><subfield code="a">Cassini, César-François,</subfield><subfield code="d">1714-1784.</subfield><subfield code="t">Tables astronomiques.</subfield></datafield><datafield tag="773" ind1="0" ind2=" "><subfield code="a">Tracy W. McGregor Collection of Arabic, Persian, and Turkish Mathematical and Astronomical Manuscripts.</subfield></datafield><datafield tag="880" ind1="0" ind2=" "><subfield code="6">700-08/</subfield><subfield code="a">محمد احمد اللقانى,</subfield><subfield code="e">مالك سابق.</subfield></datafield><datafield tag="880" ind1="0" ind2=" "><subfield code="6">700-07/</subfield><subfield code="a">على ابو بكر الخشاب الفلكى الدمياطى,</subfield><subfield code="e">مالك سابق.</subfield></datafield><datafield tag="880" ind1="1" ind2="0"><subfield code="6">245-03/</subfield><subfield code="a">[تسهيل رصد جديد قسينى,</subfield><subfield code="f">اواخر القرن 19م].</subfield></datafield><datafield tag="880" ind1="0" ind2=" "><subfield code="6">100-01/</subfield><subfield code="a">طوراق پاشا زاده.</subfield></datafield><datafield tag="CID" ind1=" " ind2=" "><subfield code="a">006818227</subfield></datafield><datafield tag="DAT" ind1="0" ind2=" "><subfield code="a">20190719102639.0</subfield><subfield code="b">20190719000000.0</subfield></datafield><datafield tag="DAT" ind1="1" ind2=" "><subfield code="a">20190719090653.0</subfield><subfield code="b">2019-07-19T16:12:07Z</subfield></datafield><datafield tag="DAT" ind1="2" ind2=" "><subfield code="a">2015-10-02T18:00:03Z</subfield></datafield><datafield tag="CAT" ind1=" " ind2=" "><subfield code="a">SDR-MIU</subfield><subfield code="d">EX LIBRIS - ALEPH</subfield><subfield code="l">prepare.pl-004-008</subfield></datafield><datafield tag="FMT" ind1=" " ind2=" "><subfield code="a">BK</subfield></datafield><datafield tag="HOL" ind1=" " ind2=" "><subfield code="0">sdr-miu006818227</subfield><subfield code="a">MiU</subfield><subfield code="b">SDR</subfield><subfield code="c">MIU</subfield><subfield code="p">mdp.39015079129816</subfield><subfield code="s">MIU</subfield><subfield code="1">006818227</subfield></datafield><datafield tag="974" ind1=" " ind2=" "><subfield code="b">MIU</subfield><subfield code="c">MIU</subfield><subfield code="d">20190719</subfield><subfield code="s">lit-dlps-dc</subfield><subfield code="u">mdp.39015079129816</subfield><subfield code="y">1899</subfield><subfield code="r">pd</subfield><subfield code="q">exp</subfield></datafield></record></collection>